@PREAMBLE{
 "\providecommand{\noopsort}[1]{}" 
 # "\providecommand{\singleletter}[1]{#1}%" 
}

@BOOK{Tipler1978,
   author       = {Tipler and Llewellyn},
   year         = 1978,
   title        = {Modern Physics},
   publisher    = {Worth Publishers},
}

@BOOK{Taylor1996,
   author       = {Taylor},
   year         = 1996,
   title        = {An Introduction to Error Analysis: The Study of Uncertainties in Physical Measurements, 2nd Ed.},
   publisher    = {University Science Books},
}

@MANUAL{oxymanual,
    title = "The Zeeman Effect",
    organization = "Occidental College Physics Department",
    year         = 2018,
}

@MANUAL{Fluke,
	title = "Model 77 Series IV Digital Multimeter Users Manual",
	organization = "Fluke Corporation",
	year = 2006,
}
